<record><leader>02125cam a2200421 i 4500</leader><controlfield tag="001">6803616</controlfield><controlfield tag="003">OCoLC</controlfield><controlfield tag="005">20150202093335.0</controlfield><controlfield tag="008">141027t20152015nyua          000 1 eng  </controlfield><datafield ind1=" " ind2=" " tag="010"><subfield code="a">  2014041321</subfield></datafield><datafield ind1=" " ind2=" " tag="020"><subfield code="a">9781451625783 (hbk.)</subfield></datafield><datafield ind1=" " ind2=" " tag="020"><subfield code="a">1451625782 (hbk.)</subfield></datafield><datafield ind1=" " ind2=" " tag="020"><subfield code="a">9781451625790 (pbk.)</subfield></datafield><datafield ind1=" " ind2=" " tag="020"><subfield code="a">1451625790 (pbk.)</subfield></datafield><datafield ind1=" " ind2=" " tag="020"><subfield code="z">9781451625806 (ebk.)</subfield></datafield><datafield ind1=" " ind2=" " tag="035"><subfield code="a">ocn893974464</subfield></datafield><datafield ind1=" " ind2=" " tag="040"><subfield code="a">DLC</subfield><subfield code="b">eng</subfield><subfield code="e">rda</subfield><subfield code="c">DLC</subfield><subfield code="d">IG#</subfield><subfield code="d">OCLCO</subfield><subfield code="d">CDX</subfield><subfield code="d">YDXCP</subfield><subfield code="d">BTCTA</subfield><subfield code="d">BDX</subfield><subfield code="d">FLWMD</subfield><subfield code="d">IMD</subfield><subfield code="d">CHVBK</subfield><subfield code="d">UAB</subfield><subfield code="d">AEU</subfield></datafield><datafield ind1=" " ind2=" " tag="043"><subfield code="a">n-us---</subfield><subfield code="a">n-us-ca</subfield></datafield><datafield ind1="0" ind2="0" tag="050"><subfield code="a">PS3608.A7837</subfield><subfield code="b">A63 2015</subfield></datafield><datafield ind1="0" ind2="0" tag="082"><subfield code="a">813/.6</subfield><subfield code="2">23</subfield></datafield><datafield ind1=" " ind2=" " tag="090"><subfield code="a">PS 3608 A7837 A63 2015</subfield><subfield code="b">AEU</subfield></datafield><datafield ind1="1" ind2=" " tag="100"><subfield code="a">Harrison, Rashad,</subfield><subfield code="e">author.</subfield></datafield><datafield ind1="1" ind2="4" tag="245"><subfield code="a">The abduction of Smith and Smith :</subfield><subfield code="b">a novel /</subfield><subfield code="c">Rashad Harrison.</subfield></datafield><datafield ind1=" " ind2=" " tag="250"><subfield code="a">First Atria Books hardcover edition.</subfield></datafield><datafield ind1=" " ind2="1" tag="264"><subfield code="a">New York :</subfield><subfield code="b">Atria Books,</subfield><subfield code="c">2015.</subfield></datafield><datafield ind1=" " ind2="4" tag="264"><subfield code="c">&#169;2015</subfield></datafield><datafield ind1=" " ind2=" " tag="300"><subfield code="a">333 pages :</subfield><subfield code="b">illustrations ;</subfield><subfield code="c">24 cm</subfield></datafield><datafield ind1=" " ind2=" " tag="336"><subfield code="a">text</subfield><subfield code="2">rdacontent</subfield></datafield><datafield ind1=" " ind2=" " tag="337"><subfield code="a">unmediated</subfield><subfield code="2">rdamedia</subfield></datafield><datafield ind1=" " ind2=" " tag="338"><subfield code="a">volume</subfield><subfield code="2">rdacarrier</subfield></datafield><datafield ind1=" " ind2=" " tag="520"><subfield code="a">"The Civil War is over, though for Jupiter Smith, a former slave and Union soldier, many battles still lie ahead. He returns to the plantation he worked on before the war in search of his woman, but rather finds his old master gone mad, haunting the ruins like a ghost. Out of pity for the now mentally ill Colonel, Jupiter strangles him and heads west to seek a new life in San Francisco. When the Colonel's son, Confederate soldier Archer Smith, arrives at home and finds his father murdered, he vows revenge upon Jupiter for all he has lost, following his former slave to the far reaches of the continent"--Amazon.com.</subfield></datafield><datafield ind1=" " ind2=" " tag="596"><subfield code="a">43</subfield></datafield><datafield ind1=" " ind2="0" tag="650"><subfield code="a">Freedmen</subfield><subfield code="v">Fiction.</subfield></datafield><datafield ind1=" " ind2="0" tag="650"><subfield code="a">Shanghaiing</subfield><subfield code="v">Fiction.</subfield></datafield><datafield ind1=" " ind2="0" tag="651"><subfield code="a">United States</subfield><subfield code="x">History</subfield><subfield code="y">Civil War, 1861-1865</subfield><subfield code="x">Veterans</subfield><subfield code="v">Fiction.</subfield></datafield><datafield ind1=" " ind2="0" tag="651"><subfield code="a">San Francisco (Calif.)</subfield><subfield code="x">History</subfield><subfield code="y">19th century</subfield><subfield code="v">Fiction.</subfield></datafield><datafield ind1=" " ind2=" " tag="949"><subfield code="a">PS 3608 A7837 A63 2015</subfield><subfield code="c">1</subfield><subfield code="h">UAHS-B</subfield><subfield code="i">0162035238490</subfield></datafield><datafield ind1=" " ind2=" " tag="926"><subfield code="a">PS 3608 A7837 A63 2015</subfield><subfield code="w">LC</subfield><subfield code="c">1</subfield><subfield code="i">0162035238490</subfield><subfield code="d">2/14/2017</subfield><subfield code="e">2/14/2017</subfield><subfield code="k">CHECKEDOUT</subfield><subfield code="l">ON_SHELF</subfield><subfield code="m">UAHSS</subfield><subfield code="n">4</subfield><subfield code="p">$150.00</subfield><subfield code="r">M</subfield><subfield code="s">Y</subfield><subfield code="t">BOOK</subfield><subfield code="u">2/11/2015</subfield></datafield></record>